% @article{,
%     author = "",
%     title = "",
%     journal = "",
%     volume = "",
%     number = "",
%     pages = "",
%     year = "",
%     DOI = "",
%     keywords = ""
% }